
@ARTICLE{1998ApJ...501..841K,
   author = {{Krist}, J.~E. and {Stapelfeldt}, K.~R. and {Burrows}, C.~J. and 
	{Ballester}, G.~E. and {Clarke}, J.~T. and {Crisp}, D. and {Evans}, R.~W. and 
	{Gallagher}, III, J.~S. and {Griffiths}, R.~E. and {Hester}, J.~J. and 
	{Hoessel}, J.~G. and {Holtzman}, J.~A. and {Mould}, J.~R. and 
	{Scowen}, P.~A. and {Trauger}, J.~T. and {Watson}, A.~M. and 
	{Westphal}, J.~A.},
    title = "{Hubble Space Telescope WFPC2 Imaging of FS Tauri and Haro 6-5B}",
  journal = {\apj},
 keywords = {STARS: BINARIES: VISUAL, STARS: CIRCUMSTELLAR MATTER, STARS: INDIVIDUAL NAME: HARO 6-5B, STARS: INDIVIDUAL CONSTELLATION NAME: FS TAURI, ISM: JETS AND OUTFLOWS, Stars: Binaries: Visual, Stars: Circumstellar Matter, ISM: Jets and Outflows, Stars: Individual: Constellation Name: FS Tauri, Stars: Individual: Name: Haro 6-5B},
     year = 1998,
    month = jul,
   volume = 501,
    pages = {841-852},
      doi = {10.1086/305861},
   adsurl = {http://adsabs.harvard.edu/abs/1998ApJ...501..841K},
  adsnote = {Provided by the SAO/NASA Astrophysics Data System}
}